@online{AFSC2016,
    author = "{Alaska Fisheries Science Center}",
    title = "{{Assessment of the Other Rockfish stock complex in the Gulf of Alaska}}",
    year = 2016,
    url = "{https://www.afsc.noaa.gov/REFM/Docs/2016/GOAorock.pdf}",
    urldate = "{2017-06-18}",
}

@online{AFSC2018,
    author = "{Alaska Fisheries Science Center}",
    title = "{{Assessment of the skate stock complex in the Gulf of Alaska}}",
    year = 2018,
    url = "{https://www.afsc.noaa.gov/REFM/Docs/2018/GOA/GOAskate.pdf}",
    urldate = "{2018-05-08}",
}

@phdthesis{Abrams2014,
    author = "{Abrams, J.L.}",
    pages = "{148}",
    file = "{:C$\\backslash$:/Users/melissa.monk/Desktop/Abrams thesis/Abrams\\_Jeff\\_Sp2014.pdf:pdf}",
    school = "{Humboldt State University}",
    title = "{{The effect of local fishing pressure on the size and age structure of fishes associated with rocky habitats along California's north coast}}",
    year = 2014,
}

@article{Alverson1964,
    author = "{Alverson, D L and Pruter, a T and Ronholt, L L}",
    journal = "{Institute of Fisheries, University of British Columbia}",
    keywords = "{ABUNDANCE,BENTHOS,COASTAL WATERS,COMMUNITIES,DESCRIPTIONS,DISTRIBUTION,EASTERN CENTRAL PACIFIC,EASTERN PACIFIC,ECOLOGY,EXPLOITATION,FISH,FISHERY,HISTORY,NORTHEAST PACIFIC,PACIFIC,RESEARCH,SURVEY,VERTEBRATES}",
    pmid = "{3109042}",
    title = "{{A Study of Demersal Fishes and Fisheries of the Northeastern Pacific Ocean}}",
    year = 1964,
}

@phdthesis{Anderson1983,
    author = "{Anderson, TW}",
    school = "{Fresno State University}",
    title = "{{Identification and development of nearshore juvenile rockfishes (genus \\textit{{Sebastes}}) in central California kelp forests}}",
    type = "{Masters Thesis}",
    year = 1983,
}

@book{Batdorf1990,
    author = "{Batdorf, C}",
    title = "{Northwest Native Harvest}",
    publisher = "{Hancock House Publishers Ltd.; Surrey, B.C., Canada}",
    year = 1990,
}


@article{Beamish1979,
    author = "{Beamish, RJ}",
    journal = "{Journal of the Fisheries Board of Canada}",
    pages = "{1395--1400}",
    title = "{{New information on the longevity of Pacific ocean perch (\\textit{{Sebastes} alutus})}}",
    volume = "{36}",
    year = 1979,
}

@techreport{Bester2009,
    author = "{Bester, C.}",
    title = "{Biological Profiles: Big Skate}",
    institution = "{Florida Museum of Natural History Ichthyology Department}",
    year = 2009,
}

@article{Beyer2015,
    title = "{Variability in rockfish (\\textit{{Sebastes}} spp.) fecundity: species contrasts, maternal size effects, and spatial differences}",
    author = "{Beyer, Sabrina G and Sogard, Susan M and Harvey, Chris J and Field, John C}",
    journal = "{Environmental biology of fishes}",
    volume = "{98}",
    number = "{1}",
    pages = "{81--100}",
    year = 2015,
    publisher = "{Springer}",
}

@incollection{Bizzarro2007,
  title = "{Comparative feeding ecology of four sympatric skate species off central California, USA}",
  author = {Bizzarro, JJ and Robinson, HJ and Rinewalt, CS and Ebert, DA},
  booktitle = {Biology of Skates},
  pages = {91--114},
  year = 2007,
  publisher = {Springer}
}

@article{Bizzarro2014,
    author = "{Bizzarro, JJ and Broms, KM and Logsdon, MG and Ebert, DA and Yoklavich, MM and Kuhnz, LA and Summers, AP}",
    title = "{{Spatial segregation in eastern north Pacific skate assemblages.}}",
    journal = "{PloS one}",
    year = 2014,
    volume = "{9}",
    number = "{10}",
}

@article{Bizzarro2015,
  title = {Comparative resource utilization of eastern North Pacific skates (Rajiformes: Rajidae) with applications for ecosystem-based fisheries management},
  author = {Bizzarro, JJ},
  journal = {WA: University of Washington},
  year = 2015
}

@article{Bizzarro2019,
    author = "{Bizzarro, J.}",
    journal = "{Manuscript in preparation.}",
    year = 2019,
}

@article{brown2001interval,
  title={Interval estimation for a binomial proportion},
  author={Brown, Lawrence D and Cai, T Tony and DasGupta, Anirban},
  journal={Statistical science},
  pages={101--117},
  year={2001},
  publisher={JSTOR}
}

@article{Bodkin1986,
    author = "{Bodkin, JL}",
    journal = "{Fishery Bulletin}",
    pages = "{799--808}",
    title = "{{Fish assemblages in \\textit{Macrocystis} and \\textit{Nereocystis} kelp forests off central California.}}",
    volume = "{84}",
    year = 1986,
}

@article{Botsford2002,
    author = "{Botsford, LW and Lawrence, CA}",
    journal = "{Progress in Oceanography}",
    pages = "{283--305}",
    title = "{{Patterns of co-variability among California Current chinook salmon, coho salmon, Dungeness crab, and physical oceanographic conditions}}",
    volume = "{53}",
    year = 2002,
}

@techreport{Bowers1909,
    author = "{Bowers, G. M.}",
    title = "{Report of The Commissioner For the Year Ending June 30, 1909. Part XXVIII.}",
    institution = "{Washington Printing Office}",
    pages = "{253-352}",
    year = 1909,
}

@article{Bradburn2011,
    title = "{The 2003 to 2008 {US} {West} {Coast} bottom trawl surveys of groundfish resources off {Washington}, {Oregon}, and {California}: estimates of distribution, abundance, length, and age composition}",
    journal = "{NOAA Technical Memorandum NMFS NOAA-TM-NMFS-NWFSC-114}",
    author = "{Bradburn, M.J. and Keller, A.A and Horness, B.H.}",
    year = 2011,
    pages = "{323 pp.}",
}

@article{Buckley1967,
    author = "{Buckley, R.M.}",
    journal = "{Supplemental progress report. Department of Fisheries. State of Washington.}",
    title = "{{1965 bottomfish sport fishery. Sport fishery investigations 1965}}",
    year = 1967,
}

@article{Buonaccorsi2002,
    author = "{Buonaccorsi, VP}",
    journal = "{Canadian Journal of Fisheries and Aquatic Sciences}",
    pages = "{1374--1384}",
    title = "{{Population structure of copper rockfish (\\textit{{Sebastes} caurinus}) reflects postglacial colonization and contemporary patterns of larval dispersal}}",
    volume = "{59}",
    year = 2002,
}

@article{Buonaccorsi2004,
    author = "{Buonaccorsi, VP and Westerman, M and Stannard, J}",
    journal = "{Marine Biology}",
    pages = "{779--788}",
    title = "{{Molecular genetic structure suggests limited larval dispersal in grass rockfish, \\textit{{Sebastes} rastrelliger}}}",
    volume = "{145}",
    year = 2004,
}

@article{Burford2008,
    author = "{Burford, MO and Bernardi, G}",
    journal = "{Marine Biology}",
    pages = "{701--717}",
    title = "{{Incipient speciation within a subgenus of rockfish (\\textit\\{Sebastosomus}) provides evidence of recent radiations within an ancient species flock}}",
    volume = "{154}",
    year = 2008,
}

@article{Burton1998,
    author = "{Burton, RS}",
    journal = "{Evolution}",
    pages = "{734--745}",
    title = "{{Intraspecific phylogeography across the Point Conception biogeographic boundary}}",
    url = "{http://www.jstor.org/stable/2411268}",
    volume = "{52}",
    year = 1998,
}

@techreport{CSAS2015,
    author = "{{Canadian Science Advisory Secretariat}}",
    pages = "{14}",
    title = "{{Yellowtail Rockfish (\\textit{{Sebastes} flavidus}) Stock assessment for the Coast of British Columbia, Canada}}",
    institution = "{{Science Advisory Report 2015/010}}",
    year = 2015,
}

@Misc{TedCalavan,
  author       = {Ted Calavan},
  howpublished = {{Personal Communication}},
  year         = 2019,
  address      = {Newport, OR, USA},
  comment      = {History of the OR fishery for Big Skate},
  institution  = {Oregon Department of Fisheries and Wildlife},
}

@article{CalCOFI2002,
    author = "{CDFG}",
    journal = "{California Cooperative Oceanic Fisheries Investigations Reports}",
    keywords = "{China2015}",
    mendeley-tags = "{China2015}",
    pages = "{13--30}",
    title = "{{Review of Some California Fisheries for 2001: market squid, sea urchin, dungeness crab, lobster, prawn, abalone, groundfish, swordfish and shark, coastal pelagic finfish, ocean salmon, nearshore live-fish, Pacific herring, white seabass, and kelp}}",
    volume = "{43}",
    year = 2002,
}

@article{Carlson1981,
    author = "{Carlson, HR and Straty, RR}",
    journal = "{Marine Fisheries Review}",
    file = "{:C$\\backslash$:/Users/melissa.monk/AppData/Local/Mendeley Ltd./Mendeley Desktop/Downloaded/Carlson, Straty - 1981 - Habitat and nursery grounds of Pacific rockfish, Sebastes spp., in rocky coastal areas of southeastern Alaska.pdf:pdf}",
    number = "{7}",
    pages = "{13--19}",
    title = "{{Habitat and nursery grounds of Pacific rockfish, \\textit\\{{Sebastes}} spp., in rocky coastal areas of southeastern Alaska}}",
    url = "{http://www.nativefishlab.net/library/textpdf/17424.pdf}",
    volume = "{43}",
    year = 1981,
}

@inproceedings{Castro1993,
  title={Sobre la distribuci{\'o}n geogr{\'a}fica de algunos peces bent{\'o}nicos de la costa oeste de Baja California Sur, M{\'e}xico, con consideraciones ecol{\'o}gicas y evolutivas},
  author={Castro-Aguirre, JL and Schmitter, JJ and Balart, EF and Torres-Orozco, R},
  booktitle={Anales de la Escuela Nacional de Ciencias Biol{\'o}gicas, M{\'e}xico},
  volume={38},
  pages={75--102},
  year={1993}
}

@book{Castro1996,
  title = {Cat{\'a}logo sistem{\'a}tico de las rayas y especies afines de M{\'e}xico: Chondrichthyes: Elasmobranchii: Rajiformes: Batoideiomorpha},
  author = {Castro-Aguirre, Jos{\'e} Luis and P{\'e}rez, H{\'e}ctor Espinosa},
  volume = {7},
  year = 1996,
  publisher = {Unam}
}

@techreport{Chapman1944,
    author = "{Chapman, W.M.}",
    title = "{The Latent Fisheries of Washington and Alaska.}",
    institution = "{Washington State Department of Fisheries.}",
    year = 1944,
}

@article{Checkley2009,
    author = "{Checkley, DM and Barth, JA}",
    journal = "{Progress in Oceanography}",
    file = "{:C$\\backslash$:/Users/melissa.monk/Downloads/checkley\\_barth\\_09\\_ccs\\_pio.pdf:pdf}",
    pages = "{49--64}",
    title = "{{Patterns and processes in the California Current System}}",
    volume = "{83}",
    year = 2009,
}

@article{Chiquillo2014,
  author = "{Chiquillo, Kelcie L and Ebert, David A and Slager, Christina J and Crow, Karen D}",
  title = "{The secret of the mermaid’s purse: Phylogenetic affinities within the Rajidae and the evolution of a novel reproductive strategy in skates}",
  file = "{Big Skate GitHub Ref_docs}",
  journal = "{Molecular Phylogenetics and Evolution}",
  volume = "{75}",
  pages = "{245--251}",
  year = 2014,
  publisher = "{Elsevier}"
}

@book{Coleman1986,
    title = "{The 1980 Pacific West Coast bottom trawl survey of groundfish resources: estimates of distribution, abundance, length and age composition}",
    author = "{Coleman, Brady A}",
    year = 1986,
    publisher = "{National Oceanic and Atmospheric Administration, National Marine Fisheries Service, Northwest and Alaska Fisheries Center, Resource Assessment and Conservation Engineering Division}",
}

@article{Cope2011,
    author = "{Cope, Jason M and DeVore, John and Dick, E J and Ames, Kelly and Budrick, John and Erickson, Daniel L. and Grebel, Joanna and Hanshew, Gretchen and Jones, Robert and Mattes, Lynn and Niles, Corey and Williams, Sarah}",
    journal = "{North American Journal of Fisheries Management}",
    pages = "{589--604}",
    title = "{{An approach to defining stock complexes for U.S. West Coast groundfishes using vulnerabilities and ecological distributions}}",
    volume = "{31}",
    year = 2011,
}

@techreport{Cope2012,
    address = "{Portland, OR}",
    author = "{Cope, Jason and Dick, E.J. and MacCall, Alec}",
    institution = "{Pacific Fisheries Management Council}",
    title = "{{ Deriving estimates of OFL for species in the Other\nFish complex.}}",
    year = 2012,
}

@article{Cope2013,
    title = "{Data-moderate stock assessments for brown, China, copper, sharpchin, stripetail, and yellowtail rockfishes and English and rex soles in 2013}",
    author = "{Cope, Jason and Dick, EJ and MacCall, Alec and Monk, Melissa and Soper, Braden and Wetzel, Chantel}",
    journal = "{National Oceanic and Atmospheric Administration, National Marine Fisheries Service}",
    year = 2013,
}

@techreport{Cope2015,
    address = "{Portland, OR}",
    file = "{:C$\\backslash$:/Users/melissa.monk/Desktop/TEMP/Data-Moderate\\_Assessments\\_2013\\_FINAL\\_160116.pdf:pdf}",
    author = "{Cope, Jason and Dick, E.J. and Maccall, Alec and Monk, Melissa and Soper, Braden and Wetzel, Chantell}",
    institution = "{Pacific Fisheries Management Council}",
    keywords = "{China2015}",
    mendeley-tags = "{China2015}",
    pages = "{298}",
    title = "{{Data-moderate stock assessments for brown, China, copper, sharpchin, stripetail, and yellowtail rockfishes and English and rex soles in 2013}}",
    year = 2015,
}

@article{Cope2004,
    author = "{Cope, JM}",
    file = "{:C$\\backslash$:/Users/melissa.monk/AppData/Local/Mendeley Ltd./Mendeley Desktop/Downloaded/Cope - 2004 - Population genetics and phylogeography of the blue rockfish (Sebastes mystinus) from Washington to California.pdf:pdf}",
    journal = "{Canadian Journal of Fisheries and Aquatic Sciences}",
    pages = "{332--342}",
    title = "{{Population genetics and phylogeography of the blue rockfish (\\textit{{Sebastes} mystinus}) from Washington to California}}",
    volume = "{61}",
    year = 2004,
}

@article{Dawson2001,
    author = "{Dawson, MN}",
    journal = "{Journal of Biogeography}",
    pages = "{723--736}",
    title = "{{Phylogeography in coastal marine animals: a solution from California?}}",
    url = "{http://onlinelibrary.wiley.com/doi/10.1046/j.1365-2699.2001.00572.x/full}",
    volume = "{28}",
    year = 2001,
}

@article{DeLacy1935,
  title = {Notes on some elasmobranchs of Puget Sound, with descriptions of their egg cases},
  author = {DeLacy, Allan C and Chapman, Wilbert M},
  journal = {Copeia},
  volume = {1935},
  number = {2},
  pages = {63--67},
  year = 1935,
  publisher = {JSTOR}
}

@article{Dick2011,
    author = "{Dick, E. J. and MacCall, Alec D.}",
    issn = "{01657836}",
    journal = "{Fisheries Research}",
    keywords = "{Data-poor stock assessment,Depletion-Corrected Average Catch,Monte Carlo methods,Stochastic stock reduction analysis}",
    number = "{2}",
    pages = "{331--341}",
    title = "{{Depletion-Based Stock Reduction Analysis: A catch-based method for determining sustainable yields for data-poor fish stocks}}",
    volume = "{110}",
    year = 2011,
}

@techreport{Dick2010,
    author = "{Dick E. J. and MacCall A. D.}",
    file = "{:C$\\backslash$:/Users/melissa.monk/Desktop/TEMP/NOAA-TM-NMFS-SWFSC-460.pdf:pdf}",
    booktitle = "{NOAA Technical Memorandum NMFS}",
    institution = "{Department of Commerce}",
    number = "{NOAA-TM-NM FS-SWFSC-460}",
    pages = "{208}",
    title = "{{Estimates of sustainable yield for 50 data-poor stocks in the Pacific coast groundfish fishery management plan}}",
    year = 2010,
}

@phdthesis{Dick2009,
    author = "{Dick, E.J.}",
    school = "{University of California Santa Cruz}",
    title = "{{Modeling the reproductive potential of rockfishes (\\textit{{Sebastes}} spp.)}}",
    type = "{PhD Dissertation}",
    year = 2009,
}

@article{Dick2017,
    title = "{A meta-analysis of fecundity in rockfishes (genus \\textit{{{Sebastes}}})}",
    author = "{Dick, EJ and Beyer, Sabrina and Mangel, Marc and Ralston, Stephen}",
    journal = "{Fisheries Research}",
    volume = "{187}",
    pages = "{73--85}",
    year = 2017,
    publisher = "{Elsevier}",
}

@techreport{Dorn2007,
    author = "{Dorn, M and Cordue, P and Haist, V}",
    url = "{{https://www.pcouncil.org/wp-content/uploads/STARreport_Skate.pdf}}",
    publisher = "{Pacific Fishery Management Council, Portland, OR}",
    year = 2007,
}

@article{Douglas1998,
    author = "{Douglas, D.A.}",
    journal = "{Oregon Deptartment of Fish and Wildlife. Marine Program Data Series Report.}",
    title = "{{Species composition of rockfish catches by Oregon trawlers, 1963-93}}",
    year = 1998,
}

@article{Drake2013,
    author = "{Drake, PT and Edwards, CA}",
    journal = "{Journal of Marine Research}",
    pages = "{317--350}",
    title = "{{Influence of larval behavior on transport and population connectivity in a realistic simulation of the California Current System}}",
    volume = "{71}",
    year = 2013,
}

@article{Downs2013,
  title = {Length--Length and Width--Length Conversion of Longnose Skate and Big Skate Off the Pacific Coast: Implications for the Choice of Alternative Measurement Units in Fisheries Stock Assessment},
  author = {Downs, Donna E and Cheng, Yuk W},
  journal = {North American journal of fisheries management},
  volume = {33},
  number = {5},
  pages = {887--893},
  year = 2013,
  publisher = {Taylor \& Francis}
}

@article{Dulvy2014extinction,
  title = {Extinction risk and conservation of the world’s sharks and rays},
  author = {Dulvy, Nicholas K and Fowler, Sarah L and Musick, John A and Cavanagh, Rachel D and Kyne, Peter M and Harrison, Lucy R and Carlson, John K and Davidson, Lindsay NK and Fordham, Sonja V and Francis, Malcolm P and others},
  journal = {elife},
  volume = {3},
  pages = {e00590},
  year = 2014,
  publisher = {eLife Sciences Publications Limited}
}

@misc{East2012,
    author = "{{Data East}}",
    title = "{{XTools Pro for ArcGIS Desktop. 9.1 (Build 956): Data East, LLC.}}",
    url = "{http://www.xtoolspro.com/}",
    year = 2012,
}

@article{Echeverria1987,
    author = "{Echeverria, T.W.}",
    file = "{:C$\\backslash$:/Users/melissa.monk/AppData/Local/Mendeley Ltd./Mendeley Desktop/Downloaded/Wur - 1987 - Thirty-four species of California rockfishes maturity and seasonality of reproduction(2).pdf:pdf}",
    journal = "{Fishery Bulletin}",
    pages = "{229--250}",
    title = "{{Thirty-four species of California rockfishes: maturity and seasonality of reproduction}}",
    volume = "{85}",
    year = 1987,
}

@book{Ebert2003,
  title = {Sharks, rays, and chimaeras of California},
  author={Ebert, David},
  number = {71},
  year = 2003,
  publisher = {Univ of California Press},
}


@incollection{Ebert2007,
  title  =  {Biodiversity and systematics of skates (Chondrichthyes: Rajiformes: Rajoidei)},
  author  =  {Ebert, David A and Compagno, Leonard JV},
  booktitle  =  {Biology of Skates},
  pages  =  {5--18},
  year  =  2007,
  publisher  =  {Springer},
}

@article{Ebert2008,
  title = {Reproductive biology of two commercially exploited skates, Raja binoculata and R. rhina, in the western Gulf of Alaska},
  author = {Ebert, David A and Smith, Wade D and Cailliet, Gregor M},
  file = "{Big Skate GitHub Ref_docs}",
  journal = {Fisheries Research},
  volume = {94},
  number = {1},
  pages = {48--57},
  year = 2008,
  publisher = {Elsevier}
}

@article{Eldridge1991,
    title = "{Reproductive performance of yellowtail rockfish, \\textit{{{Sebastes}} flavidus}}",
    author = "{Eldridge, Maxwell B and Whipple, Jeannette A and Bowers, Michael J and Jarvis, Brian M and Gold, Jordan}",
    journal = "{Environmental biology of fishes}",
    volume = "{30}",
    number = "{1}",
    pages = "{91--102}",
    year = 1991,
    publisher = "{Springer}",
}

@book{Eschmeyer1983,
  title = {A field guide to Pacific coast fishes: North America},
  author = {Eschmeyer, William N and Herald, Earl Stannard},
  year = 1983,
  publisher = {Houghton Mifflin Harcourt},
}

@article{Farrugia2016,
  title = {First use of satellite tags to examine movement and habitat use of big skates Beringraja binoculata in the Gulf of Alaska},
  author = {Farrugia, Thomas J and Goldman, Kenneth J and Tribuzio, Cindy and Seitz, Andrew C},
  journal = {Marine Ecology Progress Series},
  volume = {556},
  pages = {209--221},
  year = 2016,
}

@article{Field2005,
    author = "{Field, JC and Ralston, S}",
    file = "{:C$\\backslash$:/Users/melissa.monk/AppData/Local/Mendeley Ltd./Mendeley Desktop/Downloaded/Field, Ralston - 2005 - Spatial variability in rockfish (Sebastes spp.) recruitment events in the California Current System.pdf:pdf}",
    journal = "{Canadian Journal of Fisheries and Aquatic Sciences}",
    pages = "{2199--2210}",
    title = "{{Spatial variability in rockfish (\\textit{{Sebastes}} spp.) recruitment events in the California Current System}}",
    volume = "{62}",
    year = 2005,
}

@article{FishBull1936,
    title = "{Cabrilla and grouper}",
    author = "{FishBull}",
    journal = "{The Commercial Fish Catch of California for the Year 1935. California Fish Game Fishery Bulletin}",
    volume = "{49}",
    year = 1936,
}

@article{Fisk1993,
    author = "{Fisk, MR and Duncan, RA and Fox, CG and Witter, JB}",
    journal = "{Marine Geophysical Researches}",
    pages = "{283--296}",
    title = "{{Emergence and petrology of the Mendocino Ridge}}",
    volume = "{15}",
    year = 1993,
}


@article{Ford1971,
  title = {Differential growth rate in the tail of the Pacific big skate, (\textit{{Raja} binoculata})},
  author = {Ford, Peter},
  journal = {Journal of the Fisheries Board of Canada},
  volume = {28},
  number = {1},
  pages = {95--98},
  year = 1971,
  publisher = {NRC Research Press},
}

@article{Fournier2012,
    title = "{AD Model Builder: using automatic differentiation for statistical inference of highly parameterized complex nonlinear models}",
    author = "{Fournier, David A and Skaug, Hans J and Ancheta, Johnoel and Ianelli, James and Magnusson, Arni and Maunder, Mark N and Nielsen, Anders and Sibert, John}",
    journal = "{Optimization Methods and Software}",
    volume = "{27}",
    number = "{2}",
    pages = "{233--249}",
    year = 2012,
    publisher = "{Taylor \\& Francis}",
}

@article{Fraidenburg1980,
    title = "{Yellowtail Rockfish, \\textit{{{Sebastes}} flavidus}, Length and Age Composition Off California, Oregon, and Washington in 1977}",
    author = "{Fraidenburg, ME}",
    journal = "{Marine Fisheries Review}",
    volume = "{42}",
    number = "{3-4}",
    pages = "{54--56}",
    year = 1980,
    publisher = "{Natl Marine Fisheries qervice Scientific Subl Office 7600 Sand Point Way NE bin c15700, Seattle, WA 98115}",
}

@article{Francis2011,
    author = "{Francis, R.I.C.C.}",
    file = "{:C$\\backslash$:/Users/melissa.monk/Desktop/TEMP/CJFAS\\_68\\_1124-1138.pdf:pdf}",
    journal = "{Canadian Journal of Fisheries and Aquatic Sciencies}",
    pages = "{1124--1138}",
    title = "{{Data weighting in statistical fisheries stock assessment models}}",
    volume = "{68}",
    year = 2011,
}

@article{Francis2009,
    author = "{Francis, RC and Little, JE and Bloeser, JA}",
    file = "{:C$\\backslash$:/Users/melissa.monk/AppData/Local/Mendeley Ltd./Mendeley Desktop/Downloaded/Francis, Little, Bloeser - 2009 - Matching spatial scales of ecology, economy, and management for groundfish of the US West Coast marine.pdf:pdf}",
    journal = "{A report to the Lensfest Ocean Program at The Pew Charitable Trust}",
    title = "{{Matching spatial scales of ecology, economy, and management for groundfish of the U.S. West Coast marine ecosystem: a state of the science review}}",
    year = 2009,
}

@inbook{Gburski2007,
    author = "{Gburski, C.M. and Gaichas, S.K. and Kimura, D.K.}", 
    year = 2007,
    title = "{{Age and growth of big skate (\textit{{Raja} binoculata}) and longnose skate (\textit{{Raja} rhina}) in the Gulf of Alaska}}",
    booktitle = "{Biology of Skates}",
    pagest = "{231-243}",
    publisher = "{Springer, Dordrecht}",
}

@techreport{Gertseva2007,
    title = "{Status of the Longnose Skate (\textit{{Raja} rhina}) off the continental US Pacific Coast in 2007.}",
    author = "{Gertseva, V and Schirippa, MJ}",
    publisher = "{Pacific Fishery Management Council, Portland, OR}",
    url = "{http://www.pcouncil.org/groundfish/stock-assessments/}",
    year = 2007,
}


@techreport{Gertseva2011,
    title = {Status of spiny dogfish shark resource off the continental US Pacific Coast in 2011. PFMC. 2011},
    author = {Gertseva, V and Taylor, I},
    publisher = "{Pacific Fishery Management Council, Portland, OR}",
    url = "{http://www.pcouncil.org/groundfish/stock-assessments/}",
    year = 2011,
}

@article{Gertseva2019,
    author = "{Gertseva, V.}",
    journal = "{Manuscript in preparation}",
    year = 2019,
}

@misc{Goldfinger2014,
    author = "{Goldfinger, Chris and Henkel, Sarah and Romsos, Chris and {Andrea Havron}, Brandi Black}",
    pages = "{161}",
    publisher = "{US Dept. of the Interior, Bureau of Ocean Energy Management, Pacific OCS Region. OCS Study BOEM 2014-662}",
    title = "{{Benthic habitat characterization offshore the Pacific Northwest volume 1: evaluation of continental shelf feology}}",
    year = 2014,
}

@article{Gottscho2014,
    author = "{Gottscho, AD}",
    file = "{:C$\\backslash$:/Users/melissa.monk/Downloads/Gottscho.2014.pdf:pdf}",
    journal = "{Biological Reviews}",
    pages = "{1--21}",
    title = "{{Zoogeography of the San Andreas Fault system: Great Pacific Fracture Zones correspond with spatially concordant phylogeographic boundaries in western North}}",
    volume = "{2014}",
    year = 2014,
}

@article{Greene1999,
    author = "{Greene, H. Gary and Yoklavich, Mary M. and Starr, Richard M. and O'Connell, Victoria M. and Wakefield, W. Waldo and Sullivan, Deidre E. and McRea, James E. and Cailliet, Gregor M.}",
    journal = "{Oceanologica Acta}",
    keywords = "{Benthic,Fisheries management,Habitat,Universal classification}",
    pages = "{663--678}",
    title = "{{A classification scheme for deep seafloor habitats}}",
    volume = "{22}",
    year = 1999,
}

@book{Gunderson1980,
    title = "{Distribution and abundance of rockfish off {Washington}, {Oregon} and {California} during 1977}",
    url = "{http://spo.nmfs.noaa.gov/mfr423-4/mfr423-42.pdf}",
    urldate = "{2017-02-28}",
    publisher = "{Northwest and Alaska Fisheries Center, National Marine Fisheries Service}",
    author = "{Gunderson, Donald Raymond and Sample, Terrance M.}",
    year = 1980,
}

@article{Hamel2015,
    title = "{A method for calculating a meta-analytical prior for the natural mortality rate using multiple life history correlates}",
    volume = "{72}",
    issn = "{1054-3139, 1095-9289}",
    url = "{http://icesjms.oxfordjournals.org/content/72/1/62}",
    doi = "{10.1093/icesjms/fsu131}",
    language = "{en}",
    number = "{1}",
    urldate = "{2016-10-16}",
    journal = "{ICES Journal of Marine Science: Journal du Conseil}",
    author = "{Hamel, Owen S.}",
    month = "jan",
    year = 2015,
    pages = "{62--69}",
}

@article{Hanan2012,
    author = "{Hanan, DA and Curry, BE}",
    file = "{:C$\\backslash$:/Users/melissa.monk/Desktop/TEMP/Hanan2012.pdf:pdf}",
    journal = "{Open Fish Science Journal}",
    pages = "{30--43}",
    title = "{{Long-term movement patterns and habitat use of nearshore groundfish: tag-recapture in central and southern California waters}}",
    volume = "{5}",
    year = 2012,
}

@article{Hannah2011a,
    author = "{Hannah, R.W. and Blume, M.T.O.}",
    file = "{:C$\\backslash$:/Users/melissa.monk/Desktop/TEMP/Quillback china RF maturity.pdf:pdf}",
    journal = "{Oregon Department of Fish and Wildlife Information Reports Number 2011-01}",
    title = "{{Maturity of female quillback (\\textit\\{{Sebastes} maliger}) and china rockfish (\\textit{S. nebulosus}) from Oregon waters based on histological evaluation of ovaries}}",
    year = 2011,
}

@article{Hannah2011b,
    author = "{Hannah, Robert W and Rankin, Polly S}",
    file = "{:C$\\backslash$:/Users/melissa.monk/Desktop/TEMP/Hannah2011.pdf:pdf}",
    journal = "{North American Journal of Fisheries Management}",
    pages = "{483--494}",
    title = "{{Site fidelity and movement of eight species of Pacific rockfish at a high-relief rocky reef on the Oregon coast}}",
    volume = "{31}",
    year = 2011,
}

@article{Hannah2012,
    author = "{Hannah, RW and Blume, MTO}",
    file = "{:C$\\backslash$:/Users/melissa.monk/AppData/Local/Mendeley Ltd./Mendeley Desktop/Downloaded/Hannah, Blume - 2012 - Tests of an experimental unbaited video lander as a marine fish survey tool for high-relief deepwater rocky reefs.pdf:pdf}",
    journal = "{Journal of Experimental Marine Biology and Ecology}",
    pages = "{1--9}",
    title = "{{Tests of an experimental unbaited video lander as a marine fish survey tool for high-relief deepwater rocky reefs}}",
    volume = "{430-431}",
    year = 2012,
}

@article{Harms2010,
    title = "{Analysis of fishery-independent hook and line-based data for use in the stock assessment of bocaccio rockfish (\\textit{{{Sebastes}} paucispinis})}",
    author = "{Harms, John H and Wallace, John R and Stewart, Ian J}",
    journal = "{Fisheries Research}",
    volume = "{106}",
    number = "{3}",
    pages = "{298--309}",
    year = 2010,
    publisher = "{Elsevier}",
}

@book{Harms2008,
    title = "{The 2004-2007 Hook and Line Survey of Shelf Rockfish in the Southern California Bight: Estimates of Distribution, Abundance, and Length Composition}",
    author = "{Harms, John H and Benante, James A and Barnhart, Robert Matthew}",
    year = 2008,
    publisher = "{US Department of Commerce, National Oceanic and Atmospheric Administration, National Marine Fisheries Service}",
}

@article{Harry1961,
    author = "{Harry, G and Morgan, A.R.}",
    journal = "{Oregon Fish Commission Research Briefs}",
    pages = "{5--26}",
    title = "{{History of the trawl fishery, 1884-1961}}",
    volume = "{19}",
    year = 1961,
}

@article{Hess2011,
    author = "{Hess, J.E. and Vetter, R.D. and Moran, P.}",
    journal = "{Canadian Journal of Fisheries and Aquatic Sciences}",
    pages = "{89--104}",
    title = "{{A steep genetic cline in yellowtail rockfish, \\textit{{Sebastes} flavidus}, suggests regional isolation across the Cape Mendocino faunal break}}",
    volume = "{68}",
    year = 2011,
}

@article{Hickey1979,
    author = "{Hickey, Barbara M.}",
    file = "{:C$\\backslash$:/Users/melissa.monk/AppData/Local/Mendeley Ltd./Mendeley Desktop/Downloaded/Hickey - 1979 - The California current systemhypotheses and facts.pdf:pdf}",
    issn = "{00796611}",
    journal = "{Progress in Oceanography}",
    month = "jan",
    number = "{4}",
    pages = "{191--279}",
    title = "{{The California current systemhypotheses and facts}}",
    volume = "{8}",
    year = 1979,
}

@article{Hitz1964,
  title = {Observations on egg cases of the big skate (Raja binoculata Girard) found in Oregon coastal waters},
  author = {Hitz, Charles R},
  journal = {Journal of the Fisheries Board of Canada},
  volume = {21},
  number = {4},
  pages = {851--854},
  year = 1964,
  publisher = {NRC Research Press},
}

@article{Hoenig1983,
    author = "{Hoenig, JM}",
    file = "{:C$\\backslash$:/Users/melissa.monk/AppData/Local/Mendeley Ltd./Mendeley Desktop/Downloaded/Hoenig - 1983 - Empirical use of longevity data to estimate mortality-rates.pdf:pdf}",
    journal = "{Fishery Bulletin}",
    pages = "{898--903}",
    title = "{{Empirical use of longevity data to estimate mortality-rates}}",
    volume = "{82}",
    year = 1983,
}

@article{Hoff2009,
    author = "{Hoff, GR}",
    year = 2009,
    title = "{Skate Bathyraja spp. egg predation in the eastern Bering Sea}",
    journal = "{J. Fish. Biol.}",
    volume = {74},
    pages = {250–269},
}

@article{Ishihara2012,
    author={Ishihara, H and Treloar, M and Bor, PHF and Senou, H and Jeong,CH},
    title = "{The comparative morphology of skate egg capsules (Chondrichthyes: Elasmobranchii: Rajiformes).}",
    journal = "{Bulletin of the Kanagawa Prefectural Museum (Natural Science)}",
    volume = "{41}",
    pages = {9-25},
    year = 2012,
}
@phdthesis{James2018,
    author= "{James, Kelsey}",
    title = "{Analysis of Band Pair Formation in Elsmobranch Vertebrae with Implications for Fisheries Management}",
    file = "{Big Skate GitHub Ref_docs}",
    school = "{University of Rhode Island}",
    year = 2018,
}

@article{Karnowski2014,
    author = "{Karnowski, M. and Gertseva, V. and Stephens, A.}",
    journal = "{Oregon Deptartment of Fish and Wildlife. Marine Program Data Series Report}",
    title = "{{Historic reconstruction of Oregon's commercial fisheries landings}}",
    year = 2014,
}

@article{Keller2012,
    title = "{Variations in eastern North Pacific demersal fish biomass based on the US west coast groundfish bottom trawl survey (2003-2010)}",
    author = "{Keller, Aimee A and Wallace, John R and Horness, Beth H and Hamel, Owen S and Stewart, Ian J}",
    journal = "{Fishery Bulletin}",
    volume = "{110}",
    number = "{2}",
    pages = "{205--223}",
    year = 2012,
    publisher = "{National Marine Fisheries Service}",
}

@article{Keller2014,
    title = "{Distribution of demersal fishes along the US west coast (Canada to Mexico) in relation to spatial fishing closures (2003-2011)}",
    author = "{Keller, Aimee A and Wakefield, W Waldo and Whitmire, Curt E and Horness, Beth H and Bellman, Marlene A and Bosley, Keith L}",
    journal = "{Marine Ecology Progress Series}",
    volume = "{501}",
    pages = "{169--190}",
    year = 2014,
}

@article{Keller2017,
    title = "{The Northwest Fisheries Science Center's West Coast Groundfish Bottom Trawl Survey: History, Design, and Description}",
    journal = "{NOAA Technical Memorandum NMFS NOAA-TM-NMFS-NWFSC-136}",
    author = "{Keller, A.A. and Wallace, J.R. and Methot, R.D.}",
    year = 2017,
    pages = "{38 pp.}",
}

@article{Kimura1979,
    author = "{Kimura, DK and Mandapat, R.R and Oxford, S.L.}",
    journal = "{Journal of the Fisheries Research Board of Canada}",
    pages = "{377--383}",
    title = "{{Method, validity, and variability in the age determination of yellowtail rockfish (\\textit{{Sebastes} flavidus}), using otoliths}}",
    volume = "{35}",
    year = 1979,
}

@book{KingandMcF2009,
  title = {Biological Results of the Strait of Georgia Spiny Dogfish (Squalus Acanthias) Longline Survey, October 10-22, 2008},
  author = {King, JR and McFarlane, GA},
  year = 2009,
  publisher = {Fisheries and Oceans Canada, Science Branch, Pacific Region},
}

@article{KingandMcF2010,
    author = "{King, JR and McFarlane, GA}",
    year = 2010,
    title = "{Movement patterns and growth estimates of big skate (\textit{{Raja} binoculata}) based on tag-recapture data}",
    journal = "{Fish. Res.}",
    volume = "{101}",
    pages = "{50--59}",
}

@book{KingandMcF2015,
  title = {Biological Results of the Strait of Georgia Spiny Dogfish (Squalus Acanthias) Longline Survey, October 10-22, 2008},
  author = {King, Jacquelynne R and McFarlane, GA},
  year = 2009,
  publisher = {Fisheries and Oceans Canada, Science Branch, Pacific Region},
}

@book{King2015,
    author = "{King, J.R., Surry, A.M., Garcia, S., and P.J. Starr}",
    publisher = "{Ottawa : Canadian Science Advisory Secretariat}",
    title = "{Big skate (Raja binoculata) and longnose skate (R. rhina) stock assessments for British Columbia}",
    year = 2015,
}

@article{Lai2003,
    title = "{Status of the yellowtail rockfish resource in 2003}",
    author = "{Lai, HL and Tagart, JV and Ianelli, JN and Wallace, FR}",
    journal = "{Status of the Pacific Coast groundfish fishery through}",
    year = 2003,
}

@article{Laidig2007,
    title = "{Relationship between abundance of juvenile rockfishes (\\textit{{{Sebastes}}} spp.) and environmental variables documented off northern California and potential mechanisms for the covariation}",
    author = "{Laidig, Thomas E and Chess, James R and Howard, Daniel F}",
    journal = "{Fishery Bulletin}",
    volume = "{105}",
    number = "{1}",
    pages = "{39--49}",
    year = 2007,
    publisher = "{National Marine Fisheries Service}",
}

@article{Laidig2010,
    title = "{Influence of ocean conditions on the timing of early life history events for blue rockfish (\\textit{{{Sebastes}} mystinus}) off California}",
    author = "{Laidig, Thomas E}",
    journal = "{Fishery Bulletin}",
    volume = "{108}",
    number = "{4}",
    pages = "{442--449}",
    year = 2010,
}

@article{Lea1999,
    author = "{Lea, RN and McAllister, RD and VenTresca, DA}",
    file = "{:C$\\backslash$:/Users/melissa.monk/Desktop/TEMP/Lea1999.pdf:pdf}",
    journal = "{California Department of Fish and Game, Fish Bulletin}",
    title = "{{Biological aspects of nearshore rockfishes of the genus \\textit{{Sebastes}} from {Central} {California}, with notes on ecologically related sport fishes}}",
    volume = "{177}",
    year = 1999,
}

@article{Lee2009,
    author = "{Lee, JSF and Berejikian, BA}",
    file = "{:C$\\backslash$:/Users/melissa.monk/Desktop/TEMP/Lee2009.pdf:pdf}",
    journal = "{Environmental biology of fishes}",
    pages = "{411--419}",
    title = "{{Structural complexity in relation to the habitat preferences, territoriality, and hatchery rearing of juvenile China rockfish (\\textit{{Sebastes} nebulosus})}}",
    volume = "{84}",
    year = 2009,
}

@article{Lenarz1991,
    author = "{Lenarz, WH and Echeverria, TW}",
    file = "{:C$\\backslash$:/Users/melissa.monk/AppData/Local/Mendeley Ltd./Mendeley Desktop/Downloaded/Lenarz, Echeverria - 1991 - Sexual dimorphism in Sebastes(2).pdf:pdf}",
    journal = "{Environmental Biology of Fishes}",
    pages = "{71--80}",
    title = "{{Sexual dimorphism in \\textit{{Sebastes}}}}",
    volume = "{30}",
    year = 1991,
}

@Misc{GregLippert,
  author       = {Greg Lippert},
  howpublished = {{Personal Communication}},
  year         = 2019,
  address      = {Olympia, Washington, USA},
  comment      = {History of the WA fishery for Big Skate},
  institution  = {Washington Department of Fisheries and Wildlife},
}

@article{Lo1992,
    author = "{Lo, N.C. and Jacobson, Larry D. and Squire, James L.}",
    isbn = "{0706-652X}",
    issn = "{0706-652X}",
    journal = "{Canadian Journal of Fisheries and Aquatic Sciences}",
    pages = "{2515--2526}",
    title = "{{Indices of relative abundance from fish spotter data based on delta-lognornial models}}",
    volume = "{49}",
    year = 1992,
}

@article{Love1987,
    author = "{Love, Milton S and Axell, Brita and Morris, Pamela and Collins, Robson and Brooks, Andrew}",
    file = "{:C\\:/Users/melissa.monk/AppData/Local/Mendeley Ltd./Mendeley Desktop/Downloaded/Love et al. - Unknown - LIFE HISIDRY AND FISHERY OF THE CALIFORNIA SCORPIONFISH, SCORPAENA GUTTATA, WITHIN THE SOUTHERN CALIFORNIA BIGHT.pdf:pdf}",
    journal = "{Fishery Bulletin}",
    pages = "{99--116}",
    title = "{{Life history and fishery of the California scorpionfish, \\emph{Scorpaena guttata}, within the Southern California Bight}}",
    volume = "{85}",
    year = 1987,
}

@article{Love1998,
    author = "{Love, M. S. and Caselle, J.E. and Buskirk, W. Van}",
    file = "{:C$\\backslash$:/Users/melissa.monk/AppData/Local/Mendeley Ltd./Mendeley Desktop/Downloaded/MILTON - 1998 - A severe decline in the commercial passenger fishing vessel rockfish (Sebastes spp.) catch in the Southern California Bi.pdf:pdf}",
    journal = "{California Cooperative Oceanic Fisheries Investigations Reports}",
    pages = "{180--195}",
    title = "{{A severe decline in the commercial passenger fishing vessel rockfish (\\textit{{Sebastes}} spp.) catch in the Southern California Bight, 1980-1996}}",
    volume = "{39}",
    year = 1998,
}

@book{Love2002,
    address = "{Berkeley, CA, USA}",
    author = "{Love, MS and Yoklavich, M and Thorsteinson, LK}",
    pages = "{406}",
    publisher = "{University of California Press}",
    title = "{{The rockfishes of the northeast Pacific}}",
    year = 2002,
}

@book{Love2011,
    title = "{Certainly more than you want to know about the fishes of the Pacific Coast: a postmodern experience}",
    author = "{Love, Milton S}",
    year = 2011,
    publisher = "{Really Big Press}",
}

@article{MacCall2009,
    author = "{MacCall, Alec D.}",
    issn = "{10543139}",
    journal = "{ICES Journal of Marine Science}",
    keywords = "{Data-poor assessment,Potential-yield formula,Stock depletion,Sustainable yield}",
    pages = "{2267--2271}",
    title = "{{Depletion-corrected average catch: A simple formula for estimating sustainable yields in data-poor situations}}",
    volume = "{66}",
    year = 2009,
}

@article{Magnell1990,
    author = "{Magnell, BA and Bray, NA and Winant, CD}",
    file = "{:C$\\backslash$:/Users/melissa.monk/AppData/Local/Mendeley Ltd./Mendeley Desktop/Downloaded/Magnell, Bray, Winant - 1990 - Convergent shelf flow at Cape Mendocino.pdf:pdf}",
    journal = "{Oceanography}",
    pages = "{4--11}",
    title = "{{Convergent shelf flow at Cape Mendocino}}",
    volume = "{3}",
    year = 1990,
}

@article{Marks2015,
    title = "{Changes in size composition and relative abundance of fishes in central California after a decade of spatial fishing closures}",
    author = "{Marks, Corina I and Fields, Ryan T and Starr, Richard M and Field, John C and Miller, Rebecca R and Beyer, Sabrina G and Sogard, Susan M and Miller, Rebecca R and Beyer, Sabrina G and Wilson-Vandenberg, Deb and others}",
    journal = "{California Cooperative Oceanic Fisheries Investigations Reports}",
    volume = "{56}",
    pages = "{119--132}",
    year = 2015,
    publisher = "{Scripps Inst Oceanography a-003, La Jolla, CA 92093 USA}",
}

@article{Mason1995,
    author = "{Mason, Janet E}",
    file = "{:C$\\backslash$:/Users/melissa.monk/AppData/Local/Mendeley Ltd./Mendeley Desktop/Downloaded/Mason - 1995 - Species Trends in Sport Fisheries , Monterey Bay , Calif ., 1959-86(2).pdf:pdf}",
    issn = "{00901830}",
    journal = "{Marine Fish Review}",
    pages = "{1--16}",
    title = "{{Species Trends in Sport Fisheries , Monterey Bay , Calif ., 1959-86}}",
    volume = "{57}",
    year = 1995,
}

@article{Matthews1990,
    author = "{Matthews, KR}",
    journal = "{Environmental Biology of Fishes}",
    pages = "{161--178}",
    title = "{{An experimental study of the habitat preferences and movement patterns of copper, quillback, and brown rockfishes (\\textit{{Sebastes}} spp.)}}",
    volume = "{29}",
    year = 1990,
}

@article{maunder2018growth,
  title = {The growth cessation model: a growth model for species showing a near cessation in growth with application to bigeye tuna (Thunnus obesus)},
  author = {Maunder, Mark N and Deriso, Richard B and Schaefer, Kurt M and Fuller, Daniel W and Aires-da-Silva, Alexandre M and Minte-Vera, Carolina V and Campana, Steven E},
  journal = {Marine biology},
  volume = {165},
  number ={4},
  pages = {76},
  year = 2018,
  publisher = {Springer}
}

@article{McAllister1997,
    author = "{McAllister, M K and Ianelli, J N}",
    isbn = "{0706-652X}",
    issn = "{1205-7533}",
    journal = "{Canadian Journal of Fisheries and Aquatic Sciences}",
    keywords = "{fishery,inference,parameters,posterior distributions}",
    number = "{2}",
    pages = "{284--300}",
    title = "{{Bayesian stock assessment using catch-age data and the sampling - importance resampling algorithm}}",
    volume = "{54}",
    year = 1997,
}

@article{McEachran1990,
  title = {1990. Zoogeography and bathymetry of skates (Chondrichthyes, Rajidae)},
  author = {McEachran, JD and Miyake, T},
  journal = {Elasmobranchs as living resources. Advances in biology, Ecology, Systematics and the status of the fisheries},
  pages = {305--326},
  year = 1990,
}

@article{McFandKing2006,
    author = "{McFarlane GA and King JR}",
    title = "{Age and growth of big skate (\textit{{Raja} binoculata}) and longnose skate (\textit{{Raja} rhina}) in British Columbia waters}",
    journal = "{Fisheries Research}",
    year = 2006,
    volume = "{May 1 (2-3)}",
    pages = {169-78},
}

@book{Mecklenburg2002,
    address = "{Bethesda, Maryland}",
    author = "{Mecklenburg, CW and Mecklenburg, TA and Thorsteinson, LK}",
    publisher = "{American Fisheries Society}",
    title = "{{Fishes of Alaska}}",
    year = 2002,
}

@techreport{Methot2019,
    author = "{Methot, RD Jr. and Wetzel, CR and Taylor, IG}",
    year = 2019,
    title = "{Stock Synthesis User Manual Version 3.30.13.}",
    publisher = "{NOAA Fisheries. Seattle, WA.}",
    url = "{https://vlab.ncep.noaa.gov/web/stock-synthesis}",
}

@article{Methot2015,
    author = "{Methot, Richard D.}",
    journal = "{NOAA Fisheries, US Department of Commerce}",
    title = "{{User manual for Stock Synthesis model version 3.24s}}",
    year = 2015,
}

@article{Methot2013,
    author = "{Methot, Richard D. and Wetzel, Chantell R.}",
    isbn = "{0165-7836}",
    issn = "{01657836}",
    journal = "{Fisheries Research}",
    keywords = "{Fishery management,Population models,Stock assessment,Stock synthesis}",
    pages = "{86--99}",
    title = "{{Stock synthesis: A biological and statistical framework for fish stock assessment and fishery management}}",
    volume = "{142}",
    year = 2013,
}

@article{Methot2011,
    title = "{Adjusting for bias due to variability of estimated recruitments in fishery assessment models}",
    volume = "{68}",
    issn = "{0706-652X, 1205-7533}",
    url = "{http://www.nrcresearchpress.com/doi/abs/10.1139/f2011-092}",
    doi = "{10.1139/f2011-092}",
    language = "{en}",
    number = "{10}",
    urldate = "{2016-06-29}",
    journal = "{Canadian Journal of Fisheries and Aquatic Sciences}",
    author = "{Methot, Richard D. and Taylor, Ian G.}",
    month = "oct",
    year = 2011,
    pages = "{1744--1760}",
}

@article{Miller1965,
    author = "{Miller, D.J. and Gotshall, D.}",
    journal = "{State of California, The Resources Agency Department of Fish and Game, Fish Bulletin}",
    title = "{{Ocean sportfish catch and effort from Oregon to Point Arguello, California July 1, 1957-June 30, 1961}}",
    volume = "{130}",
    year = 1965,
}

@article{Miller1980,
  title = {Nearshore fish and macroinvertebrate assemblages along the Strait of Juan de Fuca including food habits of the common nearshore fish},
  author = {Miller, Bruce S and Cross, Jeffrey N and Steinfort, S Nancy and Fresh, Kurt L and Simenstad, Charles A},
  year = 1980
}

@article{Miller2014,
    title = "{A spatially distinct history of the development of California groundfish fisheries}",
    author = "{Miller, Rebecca R and Field, John C and Santora, Jarrod A and Schroeder, Isaac D and Huff, David D and Key, Meisha and Pearson, Don E and MacCall, Alec D}",
    journal = "{PloS one}",
    volume = "{9}",
    number = "{6}",
    pages = "{e99758}",
    year = 2014,
    publisher = "{Public Library of Science}",
}

@article{Monk2013,
    author = "{Monk, M. and Dick, E. and Buell, T. and ZumBrunnen, L. and Dauble, A. and Pearson, D.}",
    journal = "{NOAA-TM-NMFS-SWFSC-519}",
    title = "{{Documentation of a relational database for the Oregon Sport Groundfish Onboard Sampling Program}}",
    year = 2013,
}

@article{Monk2014,
    author = "{Monk, M.H. and Dick, E.J. and Pearson, D.}",
    journal = "{NOAA-TM-NMFS-SWFSC-529}",
    title = "{{Documentation of a relational database for the California recreational fisheries survey onboard observer sampling program, 1999--2011}}",
    year = 2014,
}

@book{Monk2016,
    title = "{Documentation for California Department of Fish and Wildlife's Onboard Sampling of the Rockfish and Lingcod Commercial Passenger Fishing Vessel Industry in Northern and Central California (1987-1998) as a Relational Database}",
    author = "{Monk, Melissa and Miller, Rebecca R and Field, John C and Dick, Edward J and Wilson-Vandenberg, Deb and Reilly, Paul}",
    year = 2016,
    publisher = "{US Department of Commerce, National Oceanic and Atmospheric Administration, National Marine Fisheries Service, Southwest Fisheries Science Center}",
}

@article{Munk2001,
    author = "{Munk, KM}",
    file = "{:C$\\backslash$:/Users/melissa.monk/AppData/Local/Mendeley Ltd./Mendeley Desktop/Downloaded/Munk - 2001 - Maximum ages of groundfishes in waters off Alaska and British Columbia and considerations of age determination.pdf:pdf}",
    journal = "{Alaska Fishery Research Bulletin}",
    pages = "{12--21}",
    title = "{{Maximum ages of groundfishes in waters off Alaska and British Columbia and considerations of age determination}}",
    volume = "{8}",
    year = 2001,
}

@misc{NMFS2005,
    address = "{Seattle, WA}",
    author = "{NMFS}",
    title = "{{Pacific Coast Fishery Management Plan: Essential Fish Habitat Designation and Minimization of Adverse Impacts: Final Environmental Impact Statement}}",
    year = 2005,
}

@techreport{PFMC2013,
    author = "{{Pacific Fishery Managment Council}}",
    file = "{:C$\\backslash$:/Users/melissa.monk/Downloads/FEP\\_FINAL.pdf:pdf;:C$\\backslash$:/Users/melissa.monk/Downloads/FEP\\_Initiatives\\_Appendix\\_FINAL\\_July2013.pdf:pdf}",
    institution = "{Pacific Fishery Management Council, 7700 NE Ambassador Place, Suite 101, Portland, Oregon 97220-1384}",
    title = "{{Pacific Coast Fishery Ecosystem Plan for the U.S. Portion of the California Current Large Marine Ecosystem}}",
    year = 2013,
}

@techreport{Palsson2009,
    author = "{Palsson, W.A. and Tsou, T-S and Bargmann, G.G. and Buckley, R.M. and West, J.E. and Mills, M.L and Cheng, Y.W. and Pacunski, R.E.}",
    file = "{:C$\\backslash$:/Users/melissa.monk/Desktop/TEMP/wdfw00926.pdf:pdf}",
    institution = "{Fisher Management Division, Fish Program, Washington Department of Fish and Wildlife}",
    title = "{{The biology and assessment of rockfishes in Puget Sound}}",
    year = 2009,
}

@article{Parker2006,
    author = "{Parker, Steven J. and McElderry, Howard I. and Rankin, Polly S. and Hannah, Robert W.}",
    file = "{:C$\\backslash$:/Users/melissa.monk/Desktop/TEMP/parker2006.pdf:pdf}",
    isbn = "{0002-8487}",
    issn = "{0002-8487}",
    journal = "{Transactions of the American Fisheries Society}",
    pages = "{1213--1223}",
    title = "{{Buoyancy regulation and barotrauma in two species of nearshore rockfish}}",
    volume = "{135}",
    year = 2006,
}

@techreport{Pearson2000,
    address = "{Tiburon, California}",
    author = "{Pearson, DE}",
    file = "{:C$\\backslash$:/Users/melissa.monk/AppData/Local/Mendeley Ltd./Mendeley Desktop/Downloaded/Pearson - 2000 - Data Availability, Landings, and Length Trends of California's Rockfish.pdf:pdf}",
    institution = "{National Marine Fisheries Service}",
    title = "{{Data availability, landings, and length trends of California's rockfish. Administrative Report SC-00-01}}",
    year = 2000,
}

@techreport{Pearson1997,
    author = "{Pearson, Donald E. and Erwin, Brenda}",
    booktitle = "{NOAA Technical Memorandum NMFS}",
    institution = "{Department of Commerce}",
    keywords = "{China2015}",
    mendeley-tags = "{China2015}",
    number = "{NOAA-TM-NMFS-SWFSC-24}",
    pages = "{62}",
    title = "{{Documentation of California's commercial market sampling data entry and expansion programs}}",
    year = 1997,
}

@book{Phillips1939,
    title = "{The rockfish of the Monterey wholesale fish markets}",
    author = "{Phillips, Julius B}",
    year = 1939,
    publisher = "{California State Print. Office}",
}

@article{Pikitch1988,
    author = "{Pikitch, E.K. and Erickson, D.L. and Wallace, J.R.}",
    journal = "{Northwest and Alaska Fisheries Center, National Marine Fisheries Service, US Department of Commerce}",
    title = "{{An evaluation of the effectiveness of trip limits as a management tool}}",
    year = 1988,
}

@online{PFMC2018,
    author = "{Pacific Fishery Management Council}",
    title = "{{Status of the Pacific Coast Groundfish Fishery}}",
    year = 2018,
    url = "{http://www.pcouncil.org/wp-content/uploads/2017/02/SAFE_Dec2016_02_2}",
    urldate = "{2019-05-14}",
}

@article{Punt2008,
    title = "{Quantifying age-reading error for use in fisheries stock assessments, with application to species in Australia’s southern and eastern scalefish and shark fishery}",
    author = "{Punt AE and Smith DC and  KrusicGolub K and Robertson S}",
    journal = "{Canadian Journal of Fisheries and Aquatic Sciences}",
    year = 2008,
}

@misc{RDevTeam2013, 
    author = "{{R Development Core Team}}",
    booktitle = "{R Foundation for Statistical Computing, Vienna, Austria.}",
    issn = "{16000706}",
    title = "{{R: A language and environment for statistical computing. R Foundation for Statistical Computing, Vienna, Austria. URL http://www.R-project.org/.}}",
    year = 2013,
}

@article{Ralson2013,
    title = "{Anomalous distributions of pelagic juvenile rockfish on the US west coast in 2005 and 2006}",
    author = "{Ralston, Stephen and Stewart, Ian J}",
    journal = "{California Cooper. Ocean. Fish. Invest. Rep}",
    volume = "{54}",
    pages = "{155--166}",
    year = 2013,
}

@article{Ralston2010,
    author = "{Ralston, S.E. and Pearson, D.E. and Field, J.C. and Key, M.}",
    journal = "{NOAA-TM-NMFS-SWFSC-461}",
    title = "{{Documentation of California catch reconstruction project}}",
    year = 2010,
}

@article{Ralston1995,
    title = "{On the development of year-class strength and cohort variability in two northern California rockfishes}",
    author = "{Ralston, S and Howard, DF}",
    journal = "{Fishery Bulletin}",
    volume = "{93}",
    number = "{4}",
    pages = "{710--720}",
    year = 1995,
}

@article{Reilly1998,
    author = "{Reilly, P. N. and Wilson-Vandenberg, D. and Wilson, C. E. and Mayer, K.}",
    journal = "{Marine region, Admin. Rep.}",
    pages = "{1--110}",
    title = "{{Onboard sampling of the rockfish and lingcod commercial passenger fishing vessel industry in northern and central California, January through December 1995.}}",
    volume = "{98-1}",
    year = 1998,
}

@article{richards1959flexible,
  title={A flexible growth function for empirical use},
  author={Richards, FJ},
  journal={Journal of experimental Botany},
  volume={10},
  number={2},
  pages={290--301},
  year={1959},
  publisher={Oxford University Press}
}

@article{Rodomsky2014,
    author = "{Rodomsky, B.T. and Krutzikowsky, G.K. and Ireland, R.C. and Calavan, R.}",
    journal = "{Oregon Dept of Fish \\& Wildlife. Marine Program Data Series Report.}",
    title = "{{The 2013 Oregon commercial nearshore fishery summary}}",
    year = 2014,
}

@article{Rogers1992,
    author = "{Rogers, J.B. and Pikitch, E.K.}",
    journal = "{Canadian Journal of Fisheries and and Aquatic Sciences}",
    pages = "{2648--2656}",
    title = "{{Numerical definition of groundfish assemblages caught off the coasts of Oregon and Washington using commercial fishing strategies}}",
    volume = "{49}",
    year = 1992,
}

@article{Sakuma2016,
    title = "{Anomalous Epipelagic Micronekton Assemblage Patterns in the Neritic Waters of the California Current in Spring 2015 During a Period of Extreme Ocean Conditions}",
    author = "{Sakuma, Keith M and Field, John C and Mantua, Nathan J and Ralston, Stephen and Marinovic, Baldo B and Carrion, Cynthia N}",
    journal = "{California Cooperative Oceanic Fisheries Investigations Reports}",
    volume = "{57}",
    pages = "{163--183}",
    year = 2016,
    publisher = "{Scripps Inst Oceanography A-003, La Jolla, CA 92093 USA}",
}

@article{Sivasundar2010,
    author = "{Sivasundar, A and Palumbi, SR}",
    file = "{:C$\\backslash$:/Users/melissa.monk/AppData/Local/Mendeley Ltd./Mendeley Desktop/Downloaded/Sivasundar, Palumbi - 2010 - Life history, ecology and the biogeography of strong genetic breaks among 15 species of Pacific rockfish(2).pdf:pdf}",
    journal = "{Marine Biology}",
    pages = "{1433--1452}",
    title = "{{Life history, ecology and the biogeography of strong genetic breaks among 15 species of Pacific rockfish, \\textit{{Sebastes}}}}",
    volume = "{157}",
    year = 2010,
}

@article{Sotka2004,
    author = "{Sotka, EE and Wares, JP and Barth, JA}",
    journal = "{Molecular Ecology}",
    pages = "{2143--2156}",
    title = "{{Strong genetic clines and geographical variation in gene flow in the rocky intertidal barnacle Balanus glandula}}",
    volume = "{13}",
    year = 2004,
}

@article{Starr2015,
    author = "{Starr, R.M. and Wendt, D.E. and Barnes, C.L. and Marks, C.I. and Malone, D. and Waltz, G. and Schmidt, K.T. and Chiu, J. and Launer, A.L. and Hall, N.C. and Yochum, N.}",
    journal = "{PLoS one}",
    pages = "{e0118502}",
    title = "{{Variation in responses of fishes across multiple reserves within a network of marine protectes areas in temperate waters}}",
    volume = "{10}",
    year = 2015,
}

@article{Sefansson1996,
    author = "{Stef\\'{a}nsson, G}",
    journal = "{ICES Journal of Marine Science}",
    pages = "{577--588}",
    title = "{{Analysis of groundfish survey abundance data: combining the GLM and delta approaches}}",
    volume = "{53}",
    year = 1996,
}

@article{stawitz2015stock,
  title={Stock assessment update: Status of the US Petrale sole resource in 2014},
  author={Stawitz, C.C and Hurtado-Ferro, F. and Kuriyama, P. and Trochta, J.T. and Johnson, K. and Haltuch, M.A. and Hamel, O.S.},
  journal={Pacific Fishery Management Council, Portland, OR, USA},
  year={2015}
}

@article{Stephens2004,
    author = "{Stephens, Andi and MacCall, Alec}",
    isbn = "{0165-7836}",
    issn = "{01657836}",
    journal = "{Fisheries Research}",
    keywords = "{CPUE,Catch-per-unit-effort,Habitat,Logistic regression,Multispecies}",
    pages = "{299--310}",
    title = "{{A multispecies approach to subsetting logbook data for purposes of estimating CPUE}}",
    volume = "{70}",
    year = 2004,
}

@article{Stephens2006,
    author = "{Stephens, John and Wilson-vandenberg, Debra and Wendt, Dean and Carroll, Jay and Nakamura, Royden and Nakada, Erin and Reinecke, Steven John and Wilson, Jono}",
    file = "{:C$\\backslash$:/Users/melissa.monk/Desktop/TEMP/Stephens2006.pdf:pdf}",
    journal = "{The California Cooperative Oceanic Fisheries Investigations Reports}",
    pages = "{140--155}",
    title = "{{Rockfish resouces of the south central California coast: analysis of the resource from partyboat data, 1980  2005}}",
    volume = "{47}",
    year = 2006,
}

@article{Stevenson2008,
    author = "{Stevenson, DE and Orr, JW and Hoff, GR and McEachran, JD}",
    year = 2008,
    title = "{Emerging patterns of species richness, diversity, population density, and distribution in the skates (Rajidae) of Alaska.}",
    journal = "{Fish Bull}",
    volume = "{106}",
    pages = "{24--39}",
}

@techreport{Stewart2009,
    title = {Status of the US yelloweye rockfish resource in 2009},
    author = {Stewart, Ian J and Wallace, John R and McGilliard, Carey},
    journal = {Pacific Fishery Management Council, Portland, OR},
    url = "{http://www.pcouncil.org/groundfish/stock-assessments/}",
    year = 2009,
}

@article{Stewart2014,
    title = "{Bootstrapping of sample sizes for length- or age-composition data used in stock assessments}",
    volume = "{71}",
    issn = "{0706-652X, 1205-7533}",
    url = "{http://www.nrcresearchpress.com/doi/abs/10.1139/cjfas-2013-0289}",
    doi = "{10.1139/cjfas-2013-0289}",
    language = "{en}",
    number = "{4}",
    urldate = "{2017-02-22}",
    journal = "{Canadian Journal of Fisheries and Aquatic Sciences}",
    author = "{Stewart, Ian J. and Hamel, Owen S.}",
    month = "apr",
    year = 2014,
    pages = "{581--588}",
}

@book{Tagart19982,
    title = "{Status of the Yellowtail Rockfish (\\textit{{Sebastes} Flavidus}) Fishery}",
    author = "{Tagart, Jack}",
    year = 1982,
    publisher = "{State of Washington, Department of Fisheries}",
}

@book{Tagart1988,
    title = "{Status of the yellowtail rockfish stocks in the International North Pacific Fishery Commission Vancouver and Columbia areas}",
    author = "{Tagart, Jack V}",
    year = 1988,
    publisher = "{Department of Fish and Wildlife}",
}

@article{Tagart1991,
    title = "{Population dynamics of yellowtail rockfish (\\textit{{Sebastes} flavidus}) stocks in the northem California to southwest Vancouver Island region}",
    author = "{Tagart, JV}",
    journal = "{Ph. D\\_ thesis, University of Wash-ington, Seattle}",
    year = 1991,
}

@article{Tagart1997,
    title = "{Status of the yellowtail rockfish resource in 1997}",
    author = "{Tagart, JV and Ianelli, JN and Hoffman, A and Wallace, FR}",
    journal = "{Pacific Fishery Management Council, Portland, OR}",
    year = 1997,
}

@book{Tagart2000,
    title = "{Status of the yellowtail rockfish resource in 2000}",
    author = "{Tagart, Jack and Wallace, Farron and Ianelli, James N}",
    year = 2000,
    publisher = "{Pacific Fishery Management Council}",
}

@techreport{Taylor2013,
    title = "{Deriving estimates of OFL for species in the “Other Fish” complex or potential alternative complexes}",
    author = "{Taylor IG and Cope, J and Hamel O and Thorson, J}",
    year = 2013,
    publisher = "{Pacific Fishery Management Council, Portland, OR}",
    url = "{http://www.pcouncil.org/groundfish/stock-assessments/}",
}

@Manual{Taylor2019,
    title = {r4ss: R Code for Stock Synthesis},
    author = {Ian G. Taylor and Ian J. Stewart and Allan C. Hicks and Tommy M. Garrison and Andre E. Punt and John R. Wallace and Chantel R. Wetzel and James T. Thorson and Yukio Takeuchi and Kotaro Ono and Cole C. Monnahan and Christine C. Stawitz and Z. Teresa A'mar and Athol R. Whitten and Kelli F. Johnson and Robbie L. Emmet and Sean C. Anderson and Gwladys I. Lambert and Megan M. Stachura and Andrew B. Cooper and Andi Stephens and Neil L. Klaer and Carey R. McGilliard and Watal M. Iwasaki and Kathryn Doering and Andrea M. Havron},
    year = {2019},
    note = {R package version 1.35.0},
    url = {https://github.com/r4ss},
}

@article{Then2015,
    title = "{Evaluating the predictive performance of empirical estimators of natural mortality rate using information on over 200 fish species}",
    volume = "{72}",
    issn = "{1054-3139, 1095-9289}",
    url = "{https://academic.oup.com/icesjms/article-lookup/doi/10.1093/icesjms/fsu136}",
    doi = "{10.1093/icesjms/fsu136}",
    language = "{en}",
    number = "{1}",
    urldate = "{2017-03-17}",
    journal = "{ICES Journal of Marine Science}",
    author = "{Then, A. Y. and Hoenig, J. M. and Hall, N. G. and Hewitt, D. A.}",
    month = "jan",
    year = 2015,
    pages = "{82--92}",
}

@article{Thorson2015,
    title = "{Geostatistical delta-generalized linear mixed models improve precision for estimated abundance indices for {West} {Coast} groundfishes}",
    volume = "{72}",
    issn = "{1054-3139, 1095-9289}",
    url = "{http://icesjms.oxfordjournals.org/cgi/doi/10.1093/icesjms/fsu243}",
    doi = "{10.1093/icesjms/fsu243}",
    language = "{en}",
    number = "{5}",
    urldate = "{2016-07-11}",
    journal = "{ICES Journal of Marine Science}",
    author = "{Thorson, J. T. and Shelton, A. O. and Ward, E. J. and Skaug, H. J.}",
    month = "jun",
    year = 2015,
    pages = "{1297--1310}",
}

@article{Thorson2017a,
    title = "{Comparing estimates of abundance trends and distribution shifts using single- and multispecies models of fishes and biogenic habitat}",
    issn = "{1054-3139, 1095-9289}",
    url = "{https://academic.oup.com/icesjms/article-lookup/doi/10.1093/icesjms/fsw193}",
    doi = "{10.1093/icesjms/fsw193}",
    language = "{en}",
    urldate = "{2017-04-15}",
    journal = "{ICES Journal of Marine Science: Journal du Conseil}",
    author = "{Thorson, James T. and Barnett, Lewis A. K.}",
    month = "jan",
    year = 2017,
    pages = "{fsw193}",
}

@article{Thorson2017b,
    title = "{Steepness for West Coast rockfishes:  Results from a twelve-year experiment in iterative regional meta-analysis}",
    journal = "{in review}",
    author = "{Thorson, James T. and Dorn, Martin W. and Hamel, Owen S.}",
    year = 2017,
}

@article{Thorson2017c,
  title={Model-based estimates of effective sample size in stock assessment models using the Dirichlet-multinomial distribution},
  author={Thorson, J.T. and Johnson, K.F. and Methot, R.D. and Taylor, I.G.},
  journal={Fisheries Research},
  volume={192},
  pages={84--93},
  year={2017},
  publisher={Elsevier}
}

@article{Thorson2012,
    title = "{{nwfscAgeingError}: a user interface in {R} for the {Punt} et al. (2008) method for calculating ageing error and imprecision.}",
    journal = "{Available from: http://github.com/nwfsc-assess/nwfscAgeingError/}",
    author = "{Thorson, J. T. and Stewart, Ian J. and Punt, A. E.}",
    year = 2012,
}

@article{Tolimieri2006,
    author = "{Tolimieri, N and Levin, PS}",
    journal = "{Transactions of the American Fisheries Society}",
    pages = "{317--332}",
    title = "{{Assemblage structure of eastern Pacific groundfishes on the US continental slope in relation to physical and environmental variables}}",
    volume = "{135}",
    year = 2006,
}

@article{VanVoorhees2000,
    author = "{{Van Voorhees}, D. and Hoffman, A. and Lowther, A. and {Van Buskirk}, W. and Weinstein, J. and White, J.}",
    file = "{:C$\\backslash$:/Users/melissa.monk/Desktop/TEMP/RecFIN\\_ORBS\\_MRFSS\\_Comparison.PDF:PDF}",
    journal = "{The Pacific RecFIN Statistics Subcommittee, http://old.recfin.org/lib/RecFIN\\_ORBS\\_ MRFSS\\_Comparison.PDF}",
    title = "{{An evaluation of alternative estimators of ocean boat fish effort and catch in Oregon}}",
    year = 2000,
}

@article{VonB,
    author = "{von Bertalanffy, L}",
    journal = "{Human Biology}",
    pages = "{181--213}",
    title = "{{A quantitative theory of organic growth}}",
    volume = "{10}",
    year = 1938,
}

@book{Wallace1994,
    title = "{Status of the coastal black rockfish stocks in Washington and northern Oregon in 1994}",
    author = "{Wallace, Farron R and Tagart, Jack}",
    year = 1994,
    publisher = "{Pacific Fishery Management Council}",
}

@book{Wallace1999,
    title = "{Status of the black rockfish resource in 1999}",
    author = "{Wallace, Farron R and Hoffmann, Annette and Tagart, Jack}",
    year = 1999,
    publisher = "{Washington, Department of Fish and Wildlife}",
}

@techreport{Wallace2005,
    address = "{Portland, OR}",
    author = "{Wallace, J. and Lai, H.-L.}",
    institution = "{Pacific Fisheries Management Council}",
    journal = "{Human Biology}",
    pages = "{115}",
    title = "{{Status of the Yellowtail Rockfish in 2004}}",
    year = 2005,
}

@phdthesis{Weis2004,
    author = "{Weis, L.J.}",
    pages = "{55}",
    school = "{Univeristy of Washington}",
    title = "{{The effects of San Juan County, Washington, marine protected areas on larval rockfish production}}",
    type = "{M.S. Thesis}",
    year = 2004,
}

@article{Williams2002,
    author = "{Williams, E H and Ralston, S}",
    journal = "{Fishery Bulletin}",
    pages = "{836--855}",
    title = "{{Distribution and co-occurrence of rockfishes (family: Sebastidae) over trawlable shelf and slope habitats of California and southern Oregon}}",
    volume = "{100}",
    year = 2002,
}

@article{Young2010,
    author = "{Young, Mary A. and Iampietro, Pat J. and Kvitek, Rikk G. and Garza, Corey D.}",
    file = "{:C$\\backslash$:/Users/melissa.monk/Desktop/TEMP/Young2010.pdf:pdf}",
    isbn = "{0171-8630}",
    issn = "{01718630}",
    journal = "{Marine Ecology Progress Series}",
    keywords = "{Ecosystem-based management,Fishery management,GLMs,Groundfish,Marine protected area,Rockfish}",
    pages = "{247--261}",
    title = "{{Multivariate bathymetry-derived generalized linear model accurately predicts rockfish distribution on Cordell Bank, California, USA}}",
    volume = "{415}",
    year = 2010,
}

@techreport{ZeinerWolf1993,
    author = "{Zeiner, S.J. and P. Wolf.}",
    year = 1993,
    title = "{{Growth characteristics and estimates of age at maturity of two species of skates (\textit{{Raja} binoculata}) and (\textit{{Raja} rhina}) from Monterey Bay, California.}}",
    booktitle = "{NOAA Technical Report NMFS 115}",
    pages = {87-99},
}

